@inproceedings{Calico,
  author    = "Douglas Blank and Jennifer S. Kay and James B. Marshall and Keith O'Hara and Mark Russo",
  year      = "2012",
  title     = "Calico: a multi-programming-language, multi-context framework designed for computer science education",
  booktitle = "Proceedings of the 43rd ACM Technical Symposium on Computer Science Education",
  series    = "SIGCSE 2012",
  publisher = "ACM",
  address   = "New York",
  pages     = "63-68",
}
                  
@inproceedings{Calico2,
  author = "Keith O'Hara and Douglas Blank and James Marshall",
  title = "Computational notebooks for AI education",
  booktitle = "Proceedings of the 28th International FLAIRS Conference",
  publisher = "AAAI Press",
  address = "Palo Alto, CA",
  year = "2015",
  month = "05",
  pages = "263-268",
  doi = "10.13140/2.1.2434.5928"
}                  
                  
@inproceedings{Myro,
  author    = "Jay Summet and Deepak Kumar and Keith O'Hara and Daniel Walker and Lijun Ni and Douglas Blank and Tucker Balch",
  year      = "2009",
  title     = "Personalizing CS1 with robots",
  booktitle = "Proceedings of the 40th ACM Technical Symposium on Computer Science Education",
  series    = "SIGCSE 2009",
  publisher = "ACM",
  address   = "New York",
  pages     = "433-437",
}
                  
@inproceedings{Guzdial03,
  author    = "Mark Guzdial",
  year      = "2003",
  title     = "A media computation course for non-majors",
  booktitle = "Proceedings of the 8th Annual Conference on Innovation and Technology in Computer Science Education",
  series    = "ITiCSE '03",
  publisher = "ACM",
  address   = "New York",
  pages     = "104-108",
  doi       = "10.1145/961511.961542",
}
                  
@inproceedings{Ganz99,
  author    = "Steven E. Ganz and Daniel P. Friedman and Mitchell Wand",
  year      = "1999",
  title     = "Trampolined style",
  booktitle = "Proceedings of the Fourth ACM SIGPLAN International Conference on Functional Programming",
  series    = "ICFP '99",
  publisher = "ACM",
  address   = "New York",
  pages     = "18-27",
  doi       = "10.1145/317636.317779"
}
                  
@book{SICP,
  author    = "Harold Abelson and Gerald Sussman with Julie Sussman",
  title     = "Structure and Interpretation of Computer Programs",
  publisher = "MIT Press/McGraw-Hill",
  year      = "1996",
  address   = "Cambridge, MA",
  edition   = "2nd",
}
                  
@book{EOPL3,
  author    = "Daniel P. Friedman and Mitchell Wand",
  title     = "Essentials of Programming Languages",
  publisher = "MIT Press",
  year      = "2008",
  address   = "Cambridge, MA",
  edition   = "3rd",
}
                  
@online{PythonInScheme,
  author =       "Douglas Blank",
  year =         "2016",
  title =        "Jupyter Notebook: Implementing Python in Scheme",
  organization = "Bryn Mawr College",
  url =          "https://jupyter.brynmawr.edu/services/public/dblank/CS245\%20Programming\%20Languages/2016-Fall/Notebooks/PythonInScheme2.ipynb",
  lastaccessed = "June 30, 2023",
}

@online{IronScheme-Continuations,
 author = "Llewellyn Pritchard",
 year = "2008",
 title = "IronScheme does {CPS}",
 url = "https://xacc.wordpress.com/2008/11/03/ironscheme-does-cps/",
 lastaccessed = "July 13, 2023"
}

@online{Metakernel,
 url = "https://github.com/Calysto/metakernel",
 author = "Steven Silvester",
 year = "2015",
 title = "Metakernel",
 lastaccessed = "August 26, 2023"
}

@online{MetakernelMagics,
 url = "https://github.com/Calysto/metakernel/blob/main/metakernel/magics/README.md",
 author = "Douglas Blank",
 year = "2015",
 title = "Metakernel Magics",
 lastaccessed = "August 26, 2023"
}

@online{ParallelProcessingWithMetakernel,
 url = "https://github.com/Calysto/metakernel/blob/main/examples/Mandelbrot.ipynb",
 author = "Douglas Blank",
 year = "2015",
 title = "Parallel Processing with Metakernel",
 lastaccessed = "August 26, 2023"
} 

@online{IronScheme,
 author = "Llewellyn Pritchard",
 year = "2022",
 title = "IronScheme",
 url = "https://github.com/IronScheme/IronScheme",
 lastaccessed = "July 14, 2023",
}

@online{TryJupyter,
 url = "https://jupyter.org/try",
 author = "Project Jupyter",
 year = "2023",
 title =  "Try Jupyter",
 lastaccessed = "July 14, 2023"
}


@online{IronRuby,
  url =          "http://ironruby.net",
  author =       "IronRuby",
  year =         "2011",
  title =        "IronRuby Project",
  organization = ".NET Foundation",
  lastaccessed = "June 30, 2023",
}
                  
@online{CalystoScheme,
  title =        "Calysto Scheme Project",
  author =       "Calysto Scheme",
  year =         "2023",
  url =          "https://github.com/Calysto/calysto_scheme",
  lastaccessed = "June 30, 2023",
}
                  
@conference{Kluyver2016jupyter,
Title = {Jupyter Notebooks -- a publishing format for reproducible computational workflows},
Author = {Thomas Kluyver and Benjamin Ragan-Kelley and Fernando P{\'e}rez and Brian Granger and Matthias Bussonnier and Jonathan Frederic and Kyle Kelley and Jessica Hamrick and Jason Grout and Sylvain Corlay and Paul Ivanov and Dami{\'a}n Avila and Safia Abdalla and Carol Willing},
Booktitle = {Positioning and Power in Academic Publishing: Players, Agents and Agendas},
Editor = {F. Loizides and B. Schmidt},
Organization = {IOS Press},
Pages = {87--90},
Year = {2016}
}

@Article{PER-GRA:2007,
  Author    = {P\'erez, Fernando and Granger, Brian E.},
  Title     = {{IP}ython: a System for Interactive Scientific Computing},
  Journal   = {Computing in Science and Engineering},
  Volume    = {9},
  Number    = {3},
  Pages     = {21--29},
  month     = may,
  year      = 2007,
  url       = "https://ipython.org",
  ISSN      = "1521-9615",
  doi       = {10.1109/MCSE.2007.53},
  publisher = {IEEE Computer Society},
}

@Article{Racket,
  Author    = {Matthew Flatt},
  Title     = {Creating languages in {R}acket},
  Journal   = {Communications of the ACM},
  Volume    = {55},
  Number    = {1},
  Pages     = {48--56},
  month     = jan,
  year      = 2012,
  url       = "",
  ISSN      = "",
  doi       = {10.1145/2063176.2063195},
  publisher = {ACM},
}

@inproceedings{Johnson2020,
  author    = "Jeremiah W. Johnson",
  year      = "2020",
  title     = "Benefits and pitfalls of Jupyter Notebooks in the classroom",
  booktitle = "Proceedings of the 21st Annual Conference on Information Technology Education",
  series    = "SIGITE '20",
  publisher = "ACM",
  address   = "New York",
  pages     = "32--37",
  doi       = "10.1145/3368308.3415397"
}
           
